@article{giedd1999brain,
  title = {{Brain development during childhood and adolescence: a longitudinal MRI study}},
  author = {Giedd, Jay N and Blumenthal, Jonathan and Jeffries, Neal O and Castellanos, F Xavier and Liu, Hong and Zijdenbos, Alex and Paus, Tom{\'a}{\v{s}} and Evans, Alan C and Rapoport, Judith L},
  journal = {Nature neuroscience},
  volume = {2},
  number = {10},
  pages = {861--863},
  year = {1999},
  publisher = {Nature Publishing Group},
}
